
@conference{ ISAAC12,
	author 		= {Sepehr Assadi and Ehsan Emamjomeh-Zadeh and Ashkan Norouzi-Fard and Sadra Yazdanbod and Hamid Zarrabi-Zadeh},
	title 		= {The Minimum Vulnerability Problem},
	booktitle 	= P23 # ISAAC,
	nickname	= {ISAAC 2012},
	series		= LNCS,
	volume		= {7676},
	pages 		= {382--391},
	year 		= {2012},
}

@article{Improved_PCST,
	author = {A. Archer and M. Bateni and M. Hajiaghayi and H. Karloff},
	title = {Improved Approximation Algorithms for prize-collecting {Steiner} tree and {TSP}},
	journal = Sicomp, 
	year = {2011},
	volume = {40},
	number = {2},
	pages = {309-332},
	doi = {10.1137/090771429},
}


@article{formulation1,
	author = {C. Miller and A. Tucker and R. Zemlin},
	title = {Integer Programming Formulation of Traveling Salesman Problems},
	journal = JACM, 
	year = {1960},
	volume = {7},
	number = {},
	pages = {326-329},
	doi = {10.1145/321043.321046},
}


@article{formulation2,
	author = {B. Gavish},
	journal = MgtSci, 
	title = {Integer Programming Formulation of Traveling Salesman Problems},
	year = {1976},
	volume = {22},
	number = {6},
	pages = {704-5},
	doi = {},
}

@article{formulation3,
	author = {I. Kara and T. Bektas},
	journal = EJOR, 
	title = {Integer programming formulations of multiple salesman problems and its variations},
	year = {2006},
	volume = {174},
	number = {3},
	pages = {1449-1458},
	doi = {10.1016/j.ejor.2005.03.008},
}


@article{Edm65,
	author = {J. Edmonds},
	title = {Paths, trees and flowers},
	journal = CanadJM, 
	year = {1965},
	volume = {17},
	number = {},
	pages = {449-467},
	doi = {},
}

@article{Kar84,
	author = {N. Karmarkar},
	title = {A new polynomial-time algorithm for linear programming},
	journal = Combinatorica,
	year = {1984},
	volume = {4},
	pages = {373--395},
}


@inproceedings{Xu,
	author = {Z. Xu and B. Rodrigues},
	title = {A 3/2-approximation algorithm for multiple depot multiple traveling salesman problem},
	booktitle = P12 # SWAT,
	series = {SWAT~'10},
	year = {2010},
	pages = {127--138},
	doi = {10.1007/978-3-642-13731-0_13},
}


@inproceedings{Coo71,
  author = {Cook, S. A.},
  title = {The complexity of theorem proving procedures},
  booktitle = P3 # STOC,
  series = {STOC~'71},
  organization = {ACM},
  year = 1971,
  pages = {151--158},
}

@article{Dantzig,
	author = {G. B. Dantzig and J. H. Ramser},
	journal = {Management Science}, 
	title = {The Truck Dispatching Problem},
	year = {1959},
	volume = {6},
	number = {1},
	pages = {80-91},
	doi = {10.1287/mnsc.6.1.80},
}



@techreport{Christofides,
  added-at = {2008-01-10T17:04:02.000+0100},
  author = {Christofides, Nicos},
  institution = {Graduate School of Industrial Administration, Carnegie Mellon University},
  number = 388,
  title = {Worst-case analysis of a new heuristic for the travelling salesman problem},
  type = {Technical Report},
  year = 1976
}


@inproceedings{4m,
	author = {S. Yadlapalli and S. Rathinam and S. Darbha},
	title = {An approximation algorithm for a 2-depot, heterogeneous vehicle routing problem},
	booktitle = Proc # " 2009 Conference on American Control Conference",
	series = {ACC~'09},
	year = {2009},
	pages = {1730--1735},
	doi = {},
}

@article{1.5m,
	author = {Yadlapalli, Sai and Rathinam, Sivakumar and Darbha, Swaroop},
	journal = {Optimization Letters}, 
	title = {3-Approximation algorithm for a two depot, heterogeneous traveling salesman problem},
	year = {2012},
	volume = {6},
	number = {1},
	pages = {141-152},
	doi = {},
}

@article{Primal_Dual,
	author = {J. Bae and S. Rathinam},
	journal = {arXiv:1111.0567v2 [cs.DM]}, 
	title = {A Primal-Dual Algorithm for a Heterogeneous Travelling Salesman Problem},
	year = {2013},
	volume = {},
	number = {},
	pages = {},
	doi = {},
}


@book{Sch86,
 	title = {Theory of linear and integer programming},
 	author = {Alexander Schrijver},
	year = {1986},
	publisher = {John Wiley and Sons, Inc. New York, NY, USA},
}

@article{Kha79,
    author = {Khachiyan, L. G.},
    journal = {Doklady Akademii Nauk SSSR},
    title = {{A polynomial algorithm in linear programming}},
	year = {1979},
    volume = {244},
    pages = {1093--1096},
}

@TechReport{N47,
  author =       "John von Neumann",
  title =        "On a maximization problem",
  type =         "Manuscript",
  institution =  "Institute for Advanced Studies, Princeton University",
  address =      "Princeton, NJ 08544, USA",
  year =         "1947",
}


@book{Hardnes-tsp,
 	title = {Computers and Intractability; A Guide to the Theory of NP-Completeness},
 	author = {Michael R. Garey},
	year = {1990},
	publisher = {W. H. Freeman and Co. New York, NY, USA},
}

@book{Vazirani,
 	title = {Approximation Algorithms},
 	author = {Vijay V. Vazirani},
	year = {2001},
	publisher = {Springer-Verlag New York, Inc. New York, NY, USA},
}

@TechReport{Eul41,
  author =       "L. Euler",
  title =        "Solutio problematis ad geometriam situs pertinentis",
  institution =  "Commentarii academiae scientiarum Petropolitanae",
  year =         "1741",
  volume = {8},
  pages = {128-140},
}

@article{Held-Karp,
	author = {D. Shmoys and D. Williamson},
	journal = {Information Processing Letters}, 
	title = {Analyzing the Held-Karp TSP bound: a monotonicity property with application},
	year = {1990},
	volume = {35},
	number = {6},
	pages = {281-285},
	doi = {10.1016/0020-0190(90)90028-V},
}

@article{Hetero_Path,
	author = {R. Doshi and S. Yadlapalli and S. Rathinam and S. Darbha},
	journal = {International Journal of Robust and Nonlinear Control}, 
	title = {Approximation algorithms and heuristics for a 2-depot, heterogeneous {Hamiltonian} path problem},
	year = {2011},
	volume = {21},
	number = {12},
	pages = {1434-1451},
	doi = {10.1002/rnc.1701},
}

@article{Hoogveen,
	author = {J. Hoogeveen},
	journal = {Operations Research Letter}, 
	title = {Analysis of Christofides' heuristic: Some paths are more difficult than cycles},
	year = {1991},
	volume = {10},
	number = {5},
	pages = {291-295},
	doi = {10.1016/0167-6377(91)90016-I},
}

@book{MatchAndTree,
 	title = {Approximation Algorithms},
 	author = {S. Rathinam},
	year = {2007},
	publisher = {University of California, Berkeley},
}

@article{Min-Max_Hardness,
	author = {G. Even and N. Garg and J. Konemann and R. Ravi and A. Sinha},
	journal = {Operations Research Letter}, 
	title = {Min-Max Tree Covers of Graphs},
	year = {2004},
	volume = {32},
	number = {4},
	pages = {309-315},
	doi = {},
}

@article{K-restricted,
	author = {A. Borchers and D. Du},
	journal = {SIAM Journal on Computing}, 
	title = {The $k$-{Steiner} ratio in graphs},
	year = {1997},
	volume = {26},
	number = {3},
	pages = {857-869},
	doi = {},
}

@inproceedings{K-restricted2,
  author = {J. Byrka and F. Grandoni and T. Rothvo and L. Sanit},
  title = {An improved {LP}-based approximation for {Steiner tree}},
  booktitle = P42 # STOC,
  series = {STOC '10},
  year = 2010,
  pages = {583-592},
}

@inproceedings{PCST,
  author = {M. Goemans and D. Williamson},
  title = {A general approximation technique for constrained forest problems},
  booktitle = P3 # SODA,
  series = {SODA '92},
  year = 1992,
  pages = {307-316},
}

@inproceedings{karlin2001dynamic,
  title={Dynamic TCP acknowledgement and other stories about e/(e-1)},
  author={Karlin, Anna R and Kenyon, Claire and Randall, Dana},
  booktitle={Proceedings of the thirty-third annual ACM symposium on Theory of computing},
  pages={502--509},
  year={2001}
}

@online{1ml,
    author="None",
    title = "Lightning Network Search and Analysis Engine",
    url  ="https://1ml.com/",
}

@online{off_chain,
    author="None",
    title = "Rebalancing in the Lightning Network: Circular Payments, Fee Management and Splices",
    url  = "https://blog.muun.com/rebalancing-strategies-overview/",
}


@article{ersoy2019profit,
  author={Oguzhan Ersoy and
               Stefanie Roos and
               Zekeriya Erkin},
  title={How to profit from payments channels},
  journal   = {CoRR},
  volume    = {abs/1911.08803},
  year      = {2019},
  url       = {http://arxiv.org/abs/1911.08803},
  eprinttype = {arXiv},
  eprint    = {1911.08803},
  timestamp = {Tue, 03 Dec 2019 14:15:54 +0100},
  biburl    = {https://dblp.org/rec/journals/corr/abs-1911-08803.bib},
  bibsource = {dblp computer science bibliography, https://dblp.org},
}

@inproceedings{karlin2001dynamic,
  title={Dynamic TCP acknowledgement and other stories about e/(e-1)},
  author={Karlin, Anna R and Kenyon, Claire and Randall, Dana},
  booktitle={Proceedings of the thirty-third annual ACM symposium on Theory of computing},
  pages={502--509},
  year={2001}
}

@misc{oracle,
  doi = {10.48550/ARXIV.2204.13459},
  url = {https://arxiv.org/abs/2204.13459},
  author = {Schmid, Stefan and Svoboda, Jakub and Yeo, Michelle},
  keywords = {Data Structures and Algorithms (cs.DS), Computational Complexity (cs.CC), FOS: Computer and information sciences, FOS: Computer and information sciences, F.2.2, 68W25},
  title = {Weighted Packet Selection for Rechargeable Links: Complexity and Approximation},
  publisher = {arXiv},
  year = {2022},
  copyright = {Creative Commons Attribution 4.0 International}
}


@online{1ml,
    author = "",
    title = "Lightning Network Search and Analysis Engine",
    url  = "https://1ml.com/",
}

@online{off_chain,
    author = "",
    title = "Rebalancing in the Lightning Network: Circular Payments, Fee Management and Splices",
    url  = "https://blog.muun.com/rebalancing-strategies-overview/",
}


@online{lightningd_plugins,
    author = "",
    title = "lightningd_plugins",
    url  = "https://github.com/lightningd/plugins",
}

@inproceedings{PickhardtN20,
  author    = {Rene Pickhardt and
               Mariusz Nowostawski},
  title     = {Imbalance measure and proactive channel rebalancing algorithm for
               the Lightning Network},
  booktitle = {{IEEE} International Conference on Blockchain and Cryptocurrency,
               {ICBC} 2020, Toronto, ON, Canada, May 2-6, 2020},
  pages     = {1--5},
  publisher = {{IEEE}},
  year      = {2020},
  url       = {https://doi.org/10.1109/ICBC48266.2020.9169456},
  doi       = {10.1109/ICBC48266.2020.9169456},
  timestamp = {Wed, 26 Aug 2020 16:33:05 +0200},
  biburl    = {https://dblp.org/rec/conf/icbc2/PickhardtN20.bib},
  bibsource = {dblp computer science bibliography, https://dblp.org}
}

@book{borodin2005online,
  title={Online computation and competitive analysis},
  author={Borodin, Allan and El-Yaniv, Ran},
  year={2005},
  publisher={cambridge university press}
}

@article{hidenseek,
  author    = {Zeta Avarikioti and
               Krzysztof Pietrzak and
               Iosif Salem and
               Stefan Schmid and
               Samarth Tiwari and
               Michelle Yeo},
  title     = {{HIDE} {\&} {SEEK:} Privacy-Preserving Rebalancing on Payment
               Channel Networks},
  journal   = {CoRR},
  volume    = {abs/2110.08848},
  year      = {2021},
  url       = {https://arxiv.org/abs/2110.08848},
  eprinttype = {arXiv},
  eprint    = {2110.08848},
  timestamp = {Fri, 22 Oct 2021 13:33:09 +0200},
  biburl    = {https://dblp.org/rec/journals/corr/abs-2110-08848.bib},
  bibsource = {dblp computer science bibliography, https://dblp.org}
}

@article{KhalilG17,
  author    = {Rami Khalil and
               Arthur Gervais},
  title     = {Revive: Rebalancing Off-Blockchain Payment Networks},
  journal   = {{IACR} Cryptol. ePrint Arch.},
  pages     = {823},
  year      = {2017},
  url       = {http://eprint.iacr.org/2017/823},
  timestamp = {Mon, 11 May 2020 15:56:36 +0200},
  biburl    = {https://dblp.org/rec/journals/iacr/KhalilG17.bib},
  bibsource = {dblp computer science bibliography, https://dblp.org}
}

@inproceedings{Prihodko2016FlareA,
  title={Flare : An Approach to Routing in Lightning Network White Paper},
  author={Pavel Prihodko and S. N. Zhigulin and Mykola Sahno and A B Ostrovskiy and Olaoluwa Osuntokun},
  year={2016}
}

@inproceedings{MalavoltaMKM17,
  author    = {Giulio Malavolta and
               Pedro Moreno{-}Sanchez and
               Aniket Kate and
               Matteo Maffei},
  title     = {SilentWhispers: Enforcing Security and Privacy in Decentralized Credit
               Networks},
  booktitle = {24th Annual Network and Distributed System Security Symposium, {NDSS}
               2017, San Diego, California, USA, February 26 - March 1, 2017},
  publisher = {The Internet Society},
  year      = {2017},
  url       = {https://www.ndss-symposium.org/ndss2017/ndss-2017-programme/silentwhispers-enforcing-security-and-privacy-decentralized-credit-networks/},
  timestamp = {Thu, 14 Oct 2021 10:07:13 +0200},
  biburl    = {https://dblp.org/rec/conf/ndss/MalavoltaMKM17.bib},
  bibsource = {dblp computer science bibliography, https://dblp.org}
}

@inproceedings{RoosMKG18,
  author    = {Stefanie Roos and
               Pedro Moreno{-}Sanchez and
               Aniket Kate and
               Ian Goldberg},
  title     = {Settling Payments Fast and Private: Efficient Decentralized Routing
               for Path-Based Transactions},
  booktitle = {25th Annual Network and Distributed System Security Symposium, {NDSS}
               2018, San Diego, California, USA, February 18-21, 2018},
  publisher = {The Internet Society},
  year      = {2018},
  url       = {http://wp.internetsociety.org/ndss/wp-content/uploads/sites/25/2018/02/ndss2018\_09-3\_Roos\_paper.pdf},
  timestamp = {Thu, 17 Jun 2021 16:04:48 +0200},
  biburl    = {https://dblp.org/rec/conf/ndss/RoosMKG18.bib},
  bibsource = {dblp computer science bibliography, https://dblp.org}
}

@article{aspnes1997line,
  title={On-line routing of virtual circuits with applications to load balancing and machine scheduling},
  author={Aspnes, James and Azar, Yossi and Fiat, Amos and Plotkin, Serge and Waarts, Orli},
  journal={Journal of the ACM (JACM)},
  volume={44},
  number={3},
  pages={486--504},
  year={1997},
  publisher={ACM New York, NY, USA}
}

@inproceedings{lukovszki2015online,
  title={Online admission control and embedding of service chains},
  author={Lukovszki, Tam{\'a}s and Schmid, Stefan},
  booktitle={International Colloquium on Structural Information and Communication Complexity},
  pages={104--118},
  year={2015},
  organization={Springer}
}

@inproceedings{SivaramanVRNYMF20,
  author    = {Vibhaalakshmi Sivaraman and
               Shaileshh Bojja Venkatakrishnan and
               Kathleen Ruan and
               Parimarjan Negi and
               Lei Yang and
               Radhika Mittal and
               Giulia C. Fanti and
               Mohammad Alizadeh},
  editor    = {Ranjita Bhagwan and
               George Porter},
  title     = {High Throughput Cryptocurrency Routing in Payment Channel Networks},
  booktitle = {17th {USENIX} Symposium on Networked Systems Design and Implementation,
               {NSDI} 2020, Santa Clara, CA, USA, February 25-27, 2020},
  pages     = {777--796},
  publisher = {{USENIX} Association},
  year      = {2020},
  url       = {https://www.usenix.org/conference/nsdi20/presentation/sivaraman},
  timestamp = {Tue, 02 Feb 2021 08:04:59 +0100},
  biburl    = {https://dblp.org/rec/conf/nsdi/SivaramanVRNYMF20.bib},
  bibsource = {dblp computer science bibliography, https://dblp.org}
}

@article{Engelshoven2021TheMA,
  title={The Merchant: Avoiding Payment Channel Depletion through Incentives},
  author={Yuup van Engelshoven and Stefanie Roos},
  journal={2021 IEEE International Conference on Decentralized Applications and Infrastructures (DAPPS)},
  year={2021},
  pages={59-68}
}

@inproceedings{LiMZ20,
  author    = {Peng Li and
               Toshiaki Miyazaki and
               Wanlei Zhou},
  title     = {Secure Balance Planning of Off-blockchain Payment Channel Networks},
  booktitle = {39th {IEEE} Conference on Computer Communications, {INFOCOM} 2020,
               Toronto, ON, Canada, July 6-9, 2020},
  pages     = {1728--1737},
  publisher = {{IEEE}},
  year      = {2020},
  url       = {https://doi.org/10.1109/INFOCOM41043.2020.9155375},
  doi       = {10.1109/INFOCOM41043.2020.9155375},
  timestamp = {Sat, 09 Apr 2022 12:47:28 +0200},
  biburl    = {https://dblp.org/rec/conf/infocom/LiMZ20.bib},
  bibsource = {dblp computer science bibliography, https://dblp.org}
}

@article{AvarikiotiBWW2019,
  author    = {Georgia Avarikioti and
               Kenan Besic and
               Yuyi Wang and
               Roger Wattenhofer},
  title     = {Online Payment Network Design},
  journal   = {CoRR},
  volume    = {abs/1908.00432},
  year      = {2019},
  url       = {http://arxiv.org/abs/1908.00432},
  eprinttype = {arXiv},
  eprint    = {1908.00432},
  timestamp = {Fri, 09 Aug 2019 12:15:56 +0200},
  biburl    = {https://dblp.org/rec/journals/corr/abs-1908-00432.bib},
  bibsource = {dblp computer science bibliography, https://dblp.org}
}

@article{FazliNS2021,
  author    = {MohammadAmin Fazli and
               Seyed Moeen Nehzati and
               MohammadAmin Salarkia},
  title     = {Building Stable Off-chain Payment Networks},
  journal   = {CoRR},
  volume    = {abs/2107.03367},
  year      = {2021},
  url       = {https://arxiv.org/abs/2107.03367},
  eprinttype = {arXiv},
  eprint    = {2107.03367},
  timestamp = {Tue, 20 Jul 2021 15:08:33 +0200},
  biburl    = {https://dblp.org/rec/journals/corr/abs-2107-03367.bib},
  bibsource = {dblp computer science bibliography, https://dblp.org}
}

@misc{poon2015lightning,
	title={The Bitcoin lightning network: Scalable off-chain instant payments},
	author={Poon, Joseph and Dryja, Thaddeus},
	year={2015},
	howpublished={\url{https://lightning.network/lightning-network-paper.pdf}}
}

@misc{raiden,
	title={Raiden Network},
	year={2017},
	howpublished={\url{https://raiden.network/}}
}

@inproceedings{AvarikiotiH0W20,
  author    = {Zeta Avarikioti and
               Lioba Heimbach and
               Yuyi Wang and
               Roger Wattenhofer},
  editor    = {Joseph Bonneau and
               Nadia Heninger},
  title     = {Ride the Lightning: The Game Theory of Payment Channels},
  booktitle = {Financial Cryptography and Data Security - 24th International Conference,
               {FC} 2020, Kota Kinabalu, Malaysia, February 10-14, 2020 Revised Selected
               Papers},
  series    = {Lecture Notes in Computer Science},
  volume    = {12059},
  pages     = {264--283},
  publisher = {Springer},
  year      = {2020},
  url       = {https://doi.org/10.1007/978-3-030-51280-4\_15},
  doi       = {10.1007/978-3-030-51280-4\_15},
  timestamp = {Wed, 22 Jul 2020 12:29:59 +0200},
  biburl    = {https://dblp.org/rec/conf/fc/AvarikiotiH0W20.bib},
}

@misc{ersoy2019profit,
      title={How to profit from payments channels}, 
      author={Oguzhan Ersoy and Stefanie Roos and Zekeriya Erkin},
      year={2019},
      eprint={1911.08803},
      archivePrefix={arXiv},
      primaryClass={cs.DC}
}

@misc{lngossip,
  title = {Lightning Network Research; Topology, Datasets},
  author = {Decker, Christian},
  howpublished = {\url{https://github.com/lnresearch/topology}},
  note = {Accessed: 2022-04-01},
  doi = {10.5281/zenodo.4088530}
}


