@inproceedings{karlin2001dynamic,
  title={Dynamic TCP acknowledgement and other stories about e/(e-1)},
  author={Karlin, Anna R and Kenyon, Claire and Randall, Dana},
  booktitle={Proceedings of the thirty-third annual ACM symposium on Theory of computing},
  pages={502--509},
  year={2001}
}

@misc{oracle,
  doi = {10.48550/ARXIV.2204.13459},
  url = {https://arxiv.org/abs/2204.13459},
  author = {Schmid, Stefan and Svoboda, Jakub and Yeo, Michelle},
  keywords = {Data Structures and Algorithms (cs.DS), Computational Complexity (cs.CC), FOS: Computer and information sciences, FOS: Computer and information sciences, F.2.2, 68W25},
  title = {Weighted Packet Selection for Rechargeable Links: Complexity and Approximation},
  publisher = {arXiv},
  year = {2022},
  copyright = {Creative Commons Attribution 4.0 International}
}


@online{1ml,
    author = "",
    title = "Lightning Network Search and Analysis Engine",
    url  = "https://1ml.com/",
}

@online{sha256Calc,
    author = "",
    title = "SHA256 online hash function",
    url  = "https://emn178.github.io/online-tools/sha256.html",
}

@online{off_chain,
    author = "",
    title = "Rebalancing in the Lightning Network: Circular Payments, Fee Management and Splices",
    url  = "https://blog.muun.com/rebalancing-strategies-overview/",
}


@online{lightningd_plugins,
    author = "",
    title = "lightningd_plugins",
    url  = "https://github.com/lightningd/plugins",
}

@inproceedings{PickhardtN20,
  author    = {Rene Pickhardt and
               Mariusz Nowostawski},
  title     = {Imbalance measure and proactive channel rebalancing algorithm for
               the Lightning Network},
  booktitle = {{IEEE} International Conference on Blockchain and Cryptocurrency,
               {ICBC} 2020, Toronto, ON, Canada, May 2-6, 2020},
  pages     = {1--5},
  publisher = {{IEEE}},
  year      = {2020},
  url       = {https://doi.org/10.1109/ICBC48266.2020.9169456},
  doi       = {10.1109/ICBC48266.2020.9169456},
  timestamp = {Wed, 26 Aug 2020 16:33:05 +0200},
  biburl    = {https://dblp.org/rec/conf/icbc2/PickhardtN20.bib},
  bibsource = {dblp computer science bibliography, https://dblp.org}
}

@book{borodin2005online,
  title={Online computation and competitive analysis},
  author={Borodin, Allan and El-Yaniv, Ran},
  year={2005},
  publisher={cambridge university press}
}

@article{hidenseek,
  author    = {Zeta Avarikioti and
               Krzysztof Pietrzak and
               Iosif Salem and
               Stefan Schmid and
               Samarth Tiwari and
               Michelle Yeo},
  title     = {{HIDE} {\&} {SEEK:} Privacy-Preserving Rebalancing on Payment
               Channel Networks},
  journal   = {CoRR},
  volume    = {abs/2110.08848},
  year      = {2021},
  url       = {https://arxiv.org/abs/2110.08848},
  eprinttype = {arXiv},
  eprint    = {2110.08848},
  timestamp = {Fri, 22 Oct 2021 13:33:09 +0200},
  biburl    = {https://dblp.org/rec/journals/corr/abs-2110-08848.bib},
  bibsource = {dblp computer science bibliography, https://dblp.org}
}

@article{KhalilG17,
  author    = {Rami Khalil and
               Arthur Gervais},
  title     = {Revive: Rebalancing Off-Blockchain Payment Networks},
  journal   = {{IACR} Cryptol. ePrint Arch.},
  pages     = {823},
  year      = {2017},
  url       = {http://eprint.iacr.org/2017/823},
  timestamp = {Mon, 11 May 2020 15:56:36 +0200},
  biburl    = {https://dblp.org/rec/journals/iacr/KhalilG17.bib},
  bibsource = {dblp computer science bibliography, https://dblp.org}
}

@inproceedings{Prihodko2016FlareA,
  title={Flare : An Approach to Routing in Lightning Network White Paper},
  author={Pavel Prihodko and S. N. Zhigulin and Mykola Sahno and A B Ostrovskiy and Olaoluwa Osuntokun},
  year={2016}
}

@inproceedings{MalavoltaMKM17,
  author    = {Giulio Malavolta and
               Pedro Moreno{-}Sanchez and
               Aniket Kate and
               Matteo Maffei},
  title     = {SilentWhispers: Enforcing Security and Privacy in Decentralized Credit
               Networks},
  booktitle = {24th Annual Network and Distributed System Security Symposium, {NDSS} 2017, San Diego, California, USA, February 26 - March 1, 2017},
  publisher = {The Internet Society},
  year      = {2017},
  url       = {https://www.ndss-symposium.org/ndss2017/ndss-2017-programme/silentwhispers-enforcing-security-and-privacy-decentralized-credit-networks/},
  timestamp = {Thu, 14 Oct 2021 10:07:13 +0200},
  biburl    = {https://dblp.org/rec/conf/ndss/MalavoltaMKM17.bib},
  bibsource = {dblp computer science bibliography, https://dblp.org}
}

@inproceedings{RoosMKG18,
  author    = {Stefanie Roos and
               Pedro Moreno{-}Sanchez and
               Aniket Kate and
               Ian Goldberg},
  title     = {Settling Payments Fast and Private: Efficient Decentralized Routing
               for Path-Based Transactions},
  booktitle = {25th Annual Network and Distributed System Security Symposium, {NDSS}2018, San Diego, California, USA, February 18-21, 2018},
  publisher = {The Internet Society},
  year      = {2018},
  url       = {http://wp.internetsociety.org/ndss/wp-content/uploads/sites/25/2018/02/ndss2018\_09-3\_Roos\_paper.pdf},
  timestamp = {Thu, 17 Jun 2021 16:04:48 +0200},
  biburl    = {https://dblp.org/rec/conf/ndss/RoosMKG18.bib},
  bibsource = {dblp computer science bibliography, https://dblp.org}
}

@article{aspnes1997line,
  title={On-line routing of virtual circuits with applications to load balancing and machine scheduling},
  author={Aspnes, James and Azar, Yossi and Fiat, Amos and Plotkin, Serge and Waarts, Orli},
  journal={Journal of the ACM (JACM)},
  volume={44},
  number={3},
  pages={486--504},
  year={1997},
  publisher={ACM New York, NY, USA}
}

@inproceedings{lukovszki2015online,
  title={Online admission control and embedding of service chains},
  author={Lukovszki, Tam{\'a}s and Schmid, Stefan},
  booktitle={International Colloquium on Structural Information and Communication Complexity},
  pages={104--118},
  year={2015},
  organization={Springer}
}

@inproceedings{SivaramanVRNYMF20,
  author    = {Vibhaalakshmi Sivaraman and
               Shaileshh Bojja Venkatakrishnan and
               Kathleen Ruan and
               Parimarjan Negi and
               Lei Yang and
               Radhika Mittal and
               Giulia C. Fanti and
               Mohammad Alizadeh},
  editor    = {Ranjita Bhagwan and
               George Porter},
  title     = {High Throughput Cryptocurrency Routing in Payment Channel Networks},
  booktitle = {17th {USENIX} Symposium on Networked Systems Design and Implementation,
               {NSDI} 2020, Santa Clara, CA, USA, February 25-27, 2020},
  pages     = {777--796},
  publisher = {{USENIX} Association},
  year      = {2020},
  url       = {https://www.usenix.org/conference/nsdi20/presentation/sivaraman},
  timestamp = {Tue, 02 Feb 2021 08:04:59 +0100},
  biburl    = {https://dblp.org/rec/conf/nsdi/SivaramanVRNYMF20.bib},
  bibsource = {dblp computer science bibliography, https://dblp.org}
}

@article{Engelshoven2021TheMA,
  title={The Merchant: Avoiding Payment Channel Depletion through Incentives},
  author={Yuup van Engelshoven and Stefanie Roos},
  journal={2021 IEEE International Conference on Decentralized Applications and Infrastructures (DAPPS)},
  year={2021},
  pages={59-68}
}

@inproceedings{LiMZ20,
  author    = {Peng Li and
               Toshiaki Miyazaki and
               Wanlei Zhou},
  title     = {Secure Balance Planning of Off-blockchain Payment Channel Networks},
  booktitle = {39th {IEEE} Conference on Computer Communications, {INFOCOM} 2020,
               Toronto, ON, Canada, July 6-9, 2020},
  pages     = {1728--1737},
  publisher = {{IEEE}},
  year      = {2020},
  url       = {https://doi.org/10.1109/INFOCOM41043.2020.9155375},
  doi       = {10.1109/INFOCOM41043.2020.9155375},
  timestamp = {Sat, 09 Apr 2022 12:47:28 +0200},
  biburl    = {https://dblp.org/rec/conf/infocom/LiMZ20.bib},
  bibsource = {dblp computer science bibliography, https://dblp.org}
}

@article{AvarikiotiBWW2019,
  author    = {Georgia Avarikioti and
               Kenan Besic and
               Yuyi Wang and
               Roger Wattenhofer},
  title     = {Online Payment Network Design},
  journal   = {CoRR},
  volume    = {abs/1908.00432},
  year      = {2019},
  url       = {http://arxiv.org/abs/1908.00432},
  eprinttype = {arXiv},
  eprint    = {1908.00432},
  timestamp = {Fri, 09 Aug 2019 12:15:56 +0200},
  biburl    = {https://dblp.org/rec/journals/corr/abs-1908-00432.bib},
  bibsource = {dblp computer science bibliography, https://dblp.org}
}

@article{FazliNS2021,
  author    = {MohammadAmin Fazli and
               Seyed Moeen Nehzati and
               MohammadAmin Salarkia},
  title     = {Building Stable Off-chain Payment Networks},
  journal   = {CoRR},
  volume    = {abs/2107.03367},
  year      = {2021},
  url       = {https://arxiv.org/abs/2107.03367},
  eprinttype = {arXiv},
  eprint    = {2107.03367},
  timestamp = {Tue, 20 Jul 2021 15:08:33 +0200},
  biburl    = {https://dblp.org/rec/journals/corr/abs-2107-03367.bib},
  bibsource = {dblp computer science bibliography, https://dblp.org}
}

@misc{poon2015lightning,
	title={The Bitcoin lightning network: Scalable off-chain instant payments},
	author={Poon, Joseph and Dryja, Thaddeus},
	year={2015},
	howpublished={\url{https://lightning.network/lightning-network-paper.pdf}}
}

@misc{raiden,
	title={Raiden Network},
	year={2017},
	howpublished={\url{https://raiden.network/}}
}

@inproceedings{AvarikiotiH0W20,
  author    = {Zeta Avarikioti and
               Lioba Heimbach and
               Yuyi Wang and
               Roger Wattenhofer},
  editor    = {Joseph Bonneau and
               Nadia Heninger},
  title     = {Ride the Lightning: The Game Theory of Payment Channels},
  booktitle = {Financial Cryptography and Data Security - 24th International Conference,
               {FC} 2020, Kota Kinabalu, Malaysia, February 10-14, 2020 Revised Selected
               Papers},
  series    = {Lecture Notes in Computer Science},
  volume    = {12059},
  pages     = {264--283},
  publisher = {Springer},
  year      = {2020},
  url       = {https://doi.org/10.1007/978-3-030-51280-4\_15},
  doi       = {10.1007/978-3-030-51280-4\_15},
  timestamp = {Wed, 22 Jul 2020 12:29:59 +0200},
  biburl    = {https://dblp.org/rec/conf/fc/AvarikiotiH0W20.bib},
}

@misc{ersoy2019profit,
      title={How to profit from payments channels}, 
      author={Oguzhan Ersoy and Stefanie Roos and Zekeriya Erkin},
      year={2019},
      eprint={1911.08803},
      archivePrefix={arXiv},
      primaryClass={cs.DC}
}

@misc{lngossip,
  title = {Lightning Network Research; Topology, Datasets},
  author = {Decker, Christian},
  howpublished = {\url{https://github.com/lnresearch/topology}},
  note = {Accessed: 2022-04-01},
  doi = {10.5281/zenodo.4088530}
}

@online{ycharts,
    author = "",
    title = "Bitcoin Average Transaction Fee",
    url  = "https://ycharts.com/indicators/bitcoin_average_transaction_fee#:~:text=Bitcoin%20Average%20Transaction%20Fee%20is,53.74%25%20from%20one%20year%20ago.",
}

@misc{onlineTutorial,
  title = {Online Algorithms Tutorial},
  author = {Prof. C. Stamm, K.-T. Foerster, T. Langner, J. Seidel},
  howpublished = {\url{https://disco.ethz.ch/courses/hs11/des/lectures/des_chapter5.pdf}},
}



